<?xml version = "1.0" encoding = "UTF-8"?><OAI-PMH xmlns="http://www.openarchives.org/OAI/2.0/" xmlns:xsi="http://www.w3.org/2001/XMLSchema-instance" xsi:schemaLocation="http://www.openarchives.org/OAI/2.0/ http://www.openarchives.org/OAI/2.0/OAI-PMH.xsd"><ListRecords><record><header><identifier>aleph-publish:006513415</identifier></header><metadata><record xmlns="http://www.ddb.de/professionell/mabxml/mabxml-1.xsd"><leader>00910vM2.01200024------h</leader><controlfield tag="LDR">00910vM2.01200024------h</controlfield><controlfield tag="FMT">MH</controlfield><datafield tag="001" ind1="-" ind2="1"><subfield code="a">HT004481221</subfield></datafield><datafield tag="002" ind1="a" ind2="1"><subfield code="a">19941102</subfield></datafield><datafield tag="003" ind1="-" ind2="1"><subfield code="a">20150630</subfield></datafield><datafield tag="026" ind1="-" ind2="1"><subfield code="a">HBZHT004481221</subfield></datafield><controlfield tag="030">a|1uc||||||37</controlfield><datafield tag="036" ind1="a" ind2="1"><subfield code="a">DE</subfield></datafield><datafield tag="037" ind1="b" ind2="1"><subfield code="a">ger</subfield></datafield><controlfield tag="050">a|||||||||||||</controlfield><controlfield tag="051">sf||||||</controlfield><datafield tag="070" ind1="-" ind2="1"><subfield code="a">467</subfield></datafield><datafield tag="070" ind1="b" ind2="1"><subfield code="a">929</subfield></datafield><datafield tag="078" ind1="n" ind2="1"><subfield code="a">NWBib-6</subfield></datafield><datafield tag="080" ind1="-" ind2="1"><subfield code="a">60</subfield></datafield><datafield tag="100" ind1="b" ind2="1"><subfield code="p">Vollrath, Hanna</subfield><subfield code="b">[Hrsg.]</subfield><subfield code="9">(DE-588)177857927</subfield></datafield><datafield tag="104" ind1="f" ind2="1"><subfield code="p">Engels, Odilo</subfield><subfield code="d">1928-2012</subfield><subfield code="9">(DE-588)119116960</subfield></datafield><datafield tag="331" ind1="-" ind2="1"><subfield code="a">Köln</subfield></datafield><datafield tag="335" ind1="-" ind2="1"><subfield code="a">Stadt und Bistum in Kirche und Reich des Mittelalters ; Festschrift für Odilo Engels zum 65. Geburtstag</subfield></datafield><datafield tag="359" ind1="-" ind2="1"><subfield code="a">hrsg. von Hanna Vollrath ...</subfield></datafield><datafield tag="410" ind1="-" ind2="1"><subfield code="a">Köln [u.a.]</subfield></datafield><datafield tag="412" ind1="-" ind2="1"><subfield code="a">Böhlau</subfield></datafield><datafield tag="425" ind1="a" ind2="1"><subfield code="a">1993</subfield></datafield><datafield tag="433" ind1="-" ind2="1"><subfield code="a">XIV, 796, [8] S. : Ill.</subfield></datafield><datafield tag="451" ind1="-" ind2="1"><subfield code="a">Kölner historische Abhandlungen ; 39</subfield></datafield><datafield tag="453" ind1="-" ind2="1"><subfield code="a">HT001245247</subfield></datafield><datafield tag="455" ind1="-" ind2="1"><subfield code="a">39</subfield></datafield><datafield tag="456" ind1="-" ind2="1"><subfield code="a">39</subfield></datafield><datafield tag="517" ind1="-" ind2="1"><subfield code="a">Bibliogr. O. Engels S. [761] - 768</subfield></datafield><datafield tag="540" ind1="a" ind2="1"><subfield code="a">3-412-12492-3</subfield></datafield><datafield tag="655" ind1="e" ind2="1"><subfield code="u">http://lbz.rlp.de/Inhaltsverzeichnis/4481221.pdf</subfield><subfield code="x">Inhaltsverzeichnis</subfield><subfield code="A">1</subfield></datafield><datafield tag="700" ind1="l" ind2="1"><subfield code="a">330</subfield></datafield><datafield tag="700" ind1="l" ind2="1"><subfield code="a">450</subfield></datafield><datafield tag="700" ind1="n" ind2="1"><subfield code="a">03</subfield></datafield><datafield tag="700" ind1="n" ind2="1"><subfield code="a">99</subfield><subfield code="b">Köln</subfield></datafield><datafield tag="700" ind1="n" ind2="1"><subfield code="a">42</subfield></datafield><datafield tag="700" ind1="n" ind2="1"><subfield code="a">797010</subfield><subfield code="b">Engels, Odilo</subfield></datafield><datafield tag="700" ind1="n" ind2="1"><subfield code="a">240000</subfield></datafield><datafield tag="700" ind1="n" ind2="1"><subfield code="a">611010</subfield></datafield><datafield tag="902" ind1="-" ind2="1"><subfield code="g">Köln</subfield><subfield code="9">(DE-588)4031483-2</subfield></datafield><datafield tag="902" ind1="-" ind2="1"><subfield code="z">Geschichte 313-1500</subfield></datafield><datafield tag="902" ind1="-" ind2="1"><subfield code="f">Aufsatzsammlung</subfield></datafield><datafield tag="907" ind1="-" ind2="1"><subfield code="k">Katholische Kirche</subfield><subfield code="b">Erzdiözese Köln</subfield><subfield code="9">(DE-588)2029646-0</subfield></datafield><datafield tag="907" ind1="-" ind2="1"><subfield code="z">Geschichte 313-1500</subfield></datafield><datafield tag="907" ind1="-" ind2="1"><subfield code="f">Aufsatzsammlung</subfield></datafield><datafield tag="912" ind1="-" ind2="1"><subfield code="p">Engels, Odilo</subfield><subfield code="d">1928-2012</subfield><subfield code="9">(DE-588)119116960</subfield></datafield><datafield tag="912" ind1="-" ind2="1"><subfield code="f">Bibliographie</subfield></datafield><controlfield tag="SYS">006513415</controlfield><datafield tag="LOW" ind1="-" ind2="1"><subfield code="a">L5001</subfield></datafield><datafield tag="LOW" ind1="-" ind2="1"><subfield code="a">K0001</subfield></datafield><datafield tag="LOW" ind1="-" ind2="1"><subfield code="a">U0001</subfield></datafield><datafield tag="LOW" ind1="-" ind2="1"><subfield code="a">R0001</subfield></datafield><datafield tag="LOW" ind1="-" ind2="1"><subfield code="a">A0001</subfield></datafield><datafield tag="LOW" ind1="-" ind2="1"><subfield code="a">C0001</subfield></datafield><datafield tag="LOW" ind1="-" ind2="1"><subfield code="a">B2001</subfield></datafield><datafield tag="LOW" ind1="-" ind2="1"><subfield code="a">Q1074</subfield></datafield><datafield tag="LOW" ind1="-" ind2="1"><subfield code="a">Q1107</subfield></datafield><datafield tag="LOW" ind1="-" ind2="1"><subfield code="a">Q0001</subfield></datafield><datafield tag="LOW" ind1="-" ind2="1"><subfield code="a">L0001</subfield></datafield><datafield tag="LOW" ind1="-" ind2="1"><subfield code="a">M1129</subfield></datafield><datafield tag="LOW" ind1="-" ind2="1"><subfield code="a">M1101</subfield></datafield><datafield tag="LOW" ind1="-" ind2="1"><subfield code="a">M0001</subfield></datafield><datafield tag="LOW" ind1="-" ind2="1"><subfield code="a">Q1064</subfield></datafield><datafield tag="LOW" ind1="-" ind2="1"><subfield code="a">J5005</subfield></datafield><datafield tag="LOW" ind1="-" ind2="1"><subfield code="a">K1167</subfield></datafield><datafield tag="HID" ind1="-" ind2="1"><subfield code="s">DTL2ALEPH</subfield><subfield code="c">20081015</subfield><subfield code="l">HBZ01</subfield><subfield code="h">0229</subfield></datafield><datafield tag="952" ind1="-" ind2="1"><subfield code="k">Köln</subfield><subfield code="b">Stadtverwaltung</subfield></datafield><datafield tag="952" ind1="-" ind2="1"><subfield code="k">Stadtverwaltung</subfield><subfield code="h">Köln</subfield></datafield><datafield tag="952" ind1="-" ind2="1"><subfield code="k">Köln</subfield><subfield code="b">Verwaltung</subfield></datafield><datafield tag="952" ind1="-" ind2="1"><subfield code="k">Verwaltung</subfield><subfield code="h">Köln</subfield></datafield><datafield tag="952" ind1="-" ind2="1"><subfield code="k">Köln</subfield><subfield code="b">Abteilung Zentrale Datenverarbeitung</subfield></datafield><datafield tag="952" ind1="-" ind2="1"><subfield code="k">ADV</subfield></datafield><datafield tag="952" ind1="-" ind2="1"><subfield code="k">Köln</subfield><subfield code="b">Nachrichtenamt</subfield></datafield><datafield tag="952" ind1="-" ind2="1"><subfield code="k">Nachrichtenamt</subfield><subfield code="h">Köln</subfield></datafield><datafield tag="952" ind1="-" ind2="1"><subfield code="k">Köln</subfield><subfield code="b">Presse- und Informationsamt</subfield></datafield><datafield tag="952" ind1="-" ind2="1"><subfield code="k">Presse- und Informationsamt</subfield><subfield code="h">Köln</subfield></datafield><datafield tag="952" ind1="-" ind2="1"><subfield code="k">Köln</subfield><subfield code="b">Stadtverordneten-Versammlung</subfield></datafield><datafield tag="952" ind1="-" ind2="1"><subfield code="k">Stadtverordneten-Versammlung</subfield><subfield code="h">Köln</subfield></datafield><datafield tag="952" ind1="-" ind2="1"><subfield code="k">Köln</subfield><subfield code="b">Hauptamt</subfield></datafield><datafield tag="952" ind1="-" ind2="1"><subfield code="k">Hauptamt</subfield><subfield code="h">Köln</subfield></datafield><datafield tag="952" ind1="-" ind2="1"><subfield code="k">Köln</subfield><subfield code="b">Rat</subfield></datafield><datafield tag="952" ind1="-" ind2="1"><subfield code="k">Köln</subfield><subfield code="b">Oberstadtdirektor</subfield></datafield><datafield tag="952" ind1="-" ind2="1"><subfield code="k">Oberstadtdirektor</subfield><subfield code="h">Köln</subfield></datafield><datafield tag="952" ind1="-" ind2="1"><subfield code="k">Köln</subfield><subfield code="b">Oberbürgermeister</subfield></datafield><datafield tag="952" ind1="-" ind2="1"><subfield code="k">Oberbürgermeister</subfield><subfield code="h">Köln</subfield></datafield><datafield tag="952" ind1="-" ind2="1"><subfield code="k">Köln</subfield><subfield code="b">Wasser- und Brückenbauabteilung</subfield></datafield><datafield tag="952" ind1="-" ind2="1"><subfield code="k">Köln</subfield><subfield code="b">Interkulturelles Referat</subfield></datafield><datafield tag="952" ind1="-" ind2="1"><subfield code="k">Köln</subfield><subfield code="b">Amt für Presse und Öffentlichkeitsarbeit</subfield></datafield><datafield tag="952" ind1="-" ind2="1"><subfield code="k">Amt für Presse und Öffentlichkeitsarbeit</subfield><subfield code="h">Köln</subfield></datafield><datafield tag="952" ind1="-" ind2="1"><subfield code="g">Keln</subfield></datafield><datafield tag="952" ind1="-" ind2="1"><subfield code="g">Keulen</subfield></datafield><datafield tag="952" ind1="-" ind2="1"><subfield code="g">Cölln</subfield><subfield code="h">Köln</subfield></datafield><datafield tag="952" ind1="-" ind2="1"><subfield code="g">Groß-Köln</subfield></datafield><datafield tag="952" ind1="-" ind2="1"><subfield code="g">Kūlūniyā</subfield></datafield><datafield tag="952" ind1="-" ind2="1"><subfield code="g">Kerun</subfield></datafield><datafield tag="952" ind1="-" ind2="1"><subfield code="g">Oppidum Ubiorum</subfield></datafield><datafield tag="952" ind1="-" ind2="1"><subfield code="g">Ara Ubiorum</subfield></datafield><datafield tag="952" ind1="-" ind2="1"><subfield code="g">Colonia Claudia Ara Agrippinensium</subfield></datafield><datafield tag="952" ind1="-" ind2="1"><subfield code="g">CCAA</subfield></datafield><datafield tag="952" ind1="-" ind2="1"><subfield code="g">Colonia Agrippina</subfield></datafield><datafield tag="952" ind1="-" ind2="1"><subfield code="g">Colonia Agrippinensis</subfield></datafield><datafield tag="952" ind1="-" ind2="1"><subfield code="g">Colonia</subfield><subfield code="h">Köln</subfield></datafield><datafield tag="952" ind1="-" ind2="1"><subfield code="g">Colonia Ubiorum</subfield></datafield><datafield tag="952" ind1="-" ind2="1"><subfield code="g">Kölln am Rheine</subfield></datafield><datafield tag="952" ind1="-" ind2="1"><subfield code="g">Stadt Köln</subfield></datafield><datafield tag="952" ind1="-" ind2="1"><subfield code="g">Cöln</subfield></datafield><datafield tag="952" ind1="-" ind2="1"><subfield code="g">Cöllen</subfield></datafield><datafield tag="952" ind1="-" ind2="1"><subfield code="g">Cologne</subfield></datafield><datafield tag="952" ind1="-" ind2="1"><subfield code="g">Nachrichtenamt der Stadt Köln</subfield></datafield><datafield tag="952" ind1="-" ind2="1"><subfield code="g">Cölln</subfield></datafield><datafield tag="952" ind1="-" ind2="1"><subfield code="g">Colonia ad Rhenum</subfield></datafield><datafield tag="952" ind1="-" ind2="1"><subfield code="g">Colonia Agrippina</subfield></datafield><datafield tag="952" ind1="-" ind2="1"><subfield code="g">Stadtverwaltung</subfield><subfield code="h">Köln</subfield></datafield><datafield tag="952" ind1="-" ind2="1"><subfield code="g">Hansestadt Köln</subfield></datafield><datafield tag="952" ind1="-" ind2="1"><subfield code="g">Colonia</subfield></datafield><datafield tag="952" ind1="-" ind2="1"><subfield code="g">Colonia Ubiorum</subfield></datafield><datafield tag="952" ind1="-" ind2="1"><subfield code="g">Gross-Köln</subfield></datafield><datafield tag="957" ind1="-" ind2="1"><subfield code="k">Katholische Kirche</subfield><subfield code="b">Erzdiözese Köln</subfield><subfield code="b">Presseamt</subfield></datafield><datafield tag="957" ind1="-" ind2="1"><subfield code="k">PEK</subfield></datafield><datafield tag="957" ind1="-" ind2="1"><subfield code="k">Katholische Kirche</subfield><subfield code="b">Erzbistum Köln</subfield></datafield><datafield tag="957" ind1="-" ind2="1"><subfield code="k">Katholische Kirche</subfield><subfield code="b">Archidioecesis Coloniensis</subfield></datafield><datafield tag="957" ind1="-" ind2="1"><subfield code="k">Archidioecesis Coloniensis</subfield></datafield><datafield tag="957" ind1="-" ind2="1"><subfield code="k">Erzdiözese Köln</subfield><subfield code="b">Referat Privater Rundfunk</subfield></datafield><datafield tag="957" ind1="-" ind2="1"><subfield code="k">Katholische Kirche</subfield><subfield code="b">Erzdiözese Köln</subfield><subfield code="b">Diözesankonferenz</subfield></datafield><datafield tag="957" ind1="-" ind2="1"><subfield code="k">Katholische Kirche</subfield><subfield code="b">Erzdiözese Köln</subfield><subfield code="b">Priesterrat</subfield></datafield><datafield tag="957" ind1="-" ind2="1"><subfield code="k">Katholische Kirche</subfield><subfield code="b">Erzdiözese Köln</subfield><subfield code="b">Synodus</subfield></datafield><datafield tag="957" ind1="-" ind2="1"><subfield code="k">Katholische Kirche</subfield><subfield code="b">Erzdiözese Köln</subfield><subfield code="b">Erzbischof</subfield></datafield><datafield tag="957" ind1="-" ind2="1"><subfield code="k">Katholische Kirche</subfield><subfield code="b">Erzdiözese Köln</subfield><subfield code="b">Diözesanpastoralrat</subfield></datafield><datafield tag="957" ind1="-" ind2="1"><subfield code="k">Kölner Diözesan-Synode und Erzdiözese</subfield></datafield><datafield tag="957" ind1="-" ind2="1"><subfield code="k">Synodus Dioecesana Coloniensis</subfield></datafield><datafield tag="957" ind1="-" ind2="1"><subfield code="k">Diözesan-Synode Köln</subfield></datafield><datafield tag="957" ind1="-" ind2="1"><subfield code="k">Priesterrat im Erzbistum Köln</subfield></datafield><datafield tag="957" ind1="-" ind2="1"><subfield code="k">Katholische Kirche</subfield><subfield code="b">Dioecesis Coloniensis</subfield></datafield><datafield tag="957" ind1="-" ind2="1"><subfield code="k">Katholische Kirche</subfield><subfield code="b">Erzdiözese Köln</subfield><subfield code="b">Referat Spiritualität</subfield></datafield><datafield tag="957" ind1="-" ind2="1"><subfield code="k">Katholische Kirche</subfield><subfield code="b">Erzdiözese Köln</subfield><subfield code="b">Erzbischöfliches Ordinariat</subfield></datafield><datafield tag="957" ind1="-" ind2="1"><subfield code="k">Erzdiözese Köln</subfield><subfield code="b">Stabsabteilung Medien</subfield></datafield><datafield tag="957" ind1="-" ind2="1"><subfield code="k">Erzdiözese Köln</subfield><subfield code="b">Referat Katholische Öffentliche Büchereien</subfield></datafield><datafield tag="957" ind1="-" ind2="1"><subfield code="k">Katholisch-Soziales Institut</subfield><subfield code="h">Köln</subfield></datafield><datafield tag="957" ind1="-" ind2="1"><subfield code="k">Erzdiözese von Köln</subfield></datafield><datafield tag="957" ind1="-" ind2="1"><subfield code="k">Erzbischof von Köln</subfield></datafield><datafield tag="957" ind1="-" ind2="1"><subfield code="k">Katholische Kirche</subfield><subfield code="b">Dhomstifft zu Colln</subfield></datafield><datafield tag="957" ind1="-" ind2="1"><subfield code="k">Dhomstifft zu Colln</subfield></datafield><datafield tag="957" ind1="-" ind2="1"><subfield code="k">Katholische Kirche</subfield><subfield code="b">Diözese Köln</subfield></datafield><datafield tag="957" ind1="-" ind2="1"><subfield code="k">Diözese Köln</subfield></datafield><datafield tag="088" ind1=" " ind2=" "><subfield code="a">38/461</subfield><subfield code="b">00404011</subfield><subfield code="c">461/H416</subfield><subfield code="e">keine ILL</subfield></datafield><datafield tag="088" ind1=" " ind2=" "><subfield code="a">Sol 1</subfield><subfield code="c">KA 7665/39</subfield><subfield code="e">keine ILL</subfield></datafield><datafield tag="088" ind1=" " ind2=" "><subfield code="a">6/248</subfield><subfield code="b">00016001</subfield><subfield code="c">Dd 3460,3</subfield><subfield code="e">keine ILL</subfield></datafield><datafield tag="088" ind1=" " ind2=" "><subfield code="a">6/210</subfield><subfield code="b">00066028</subfield><subfield code="c">Aa 7128/2</subfield><subfield code="e">keine ILL</subfield></datafield><datafield tag="088" ind1=" " ind2=" "><subfield code="a">5/21</subfield><subfield code="b">00063001</subfield><subfield code="c">ML Z 746</subfield><subfield code="e">keine ILL</subfield></datafield><datafield tag="088" ind1=" " ind2=" "><subfield code="a">5/39</subfield><subfield code="b">00054001</subfield><subfield code="c">C 60/135/80/1</subfield><subfield code="e">keine ILL</subfield></datafield><datafield tag="088" ind1=" " ind2=" "><subfield code="a">290</subfield><subfield code="b">00012015</subfield><subfield code="c">GEQ 3000/37</subfield><subfield code="e">keine ILL</subfield></datafield><datafield tag="088" ind1=" " ind2=" "><subfield code="a">290</subfield><subfield code="b">00000001</subfield><subfield code="c">D 28148</subfield><subfield code="e">ILL Ausleihe</subfield></datafield><datafield tag="088" ind1=" " ind2=" "><subfield code="a">294/11</subfield><subfield code="b">00011000</subfield><subfield code="c">Db 5.20/1</subfield><subfield code="e">keine ILL</subfield></datafield><datafield tag="088" ind1=" " ind2=" "><subfield code="a">361</subfield><subfield code="b">00000014</subfield><subfield code="c">CA050+EN057 K7S7B</subfield><subfield code="e">Keine Angabe</subfield></datafield><datafield tag="088" ind1=" " ind2=" "><subfield code="a">38</subfield><subfield code="b">00000001</subfield><subfield code="c">16A3530</subfield><subfield code="e">ILL Ausleihe</subfield></datafield><datafield tag="088" ind1=" " ind2=" "><subfield code="a">38</subfield><subfield code="b">00000001</subfield><subfield code="c">17B4134</subfield><subfield code="e">ILL Ausleihe</subfield></datafield><datafield tag="088" ind1=" " ind2=" "><subfield code="a">5</subfield><subfield code="b">00000010</subfield><subfield code="c">93/7474</subfield><subfield code="e">ILL Ausleihe</subfield></datafield><datafield tag="088" ind1=" " ind2=" "><subfield code="a">51</subfield><subfield code="b">00000000</subfield><subfield code="c">KXKE 105</subfield><subfield code="e">ILL Ausleihe</subfield></datafield><datafield tag="088" ind1=" " ind2=" "><subfield code="a">6</subfield><subfield code="b">00000040</subfield><subfield code="c">3F 1957</subfield><subfield code="e">ILL Ausleihe</subfield></datafield><datafield tag="088" ind1=" " ind2=" "><subfield code="a">82</subfield><subfield code="b">00000000</subfield><subfield code="c">MA6713-39+1</subfield><subfield code="e">ILL Ausleihe</subfield></datafield><datafield tag="088" ind1=" " ind2=" "><subfield code="a">929</subfield><subfield code="b">00000000</subfield><subfield code="c">93/4735</subfield><subfield code="e">ILL Ausleihe</subfield></datafield><datafield tag="088" ind1=" " ind2=" "><subfield code="a">743</subfield><subfield code="b">00020000</subfield><subfield code="c">LUHK101</subfield><subfield code="e">ILL Ausleihe</subfield></datafield><datafield tag="088" ind1=" " ind2=" "><subfield code="a">5/20</subfield><subfield code="b">00053000</subfield><subfield code="c">Ag 1318/3</subfield><subfield code="e">keine ILL</subfield></datafield><datafield tag="088" ind1=" " ind2=" "><subfield code="a">Sie 5</subfield><subfield code="b">00002001</subfield><subfield code="c">82 = 9390</subfield><subfield code="e">keine ILL</subfield></datafield><datafield tag="088" ind1=" " ind2=" "><subfield code="a">Tr 2</subfield><subfield code="b">M</subfield><subfield code="c">EB 7938</subfield><subfield code="e">ausleihbar/M</subfield></datafield><datafield tag="088" ind1=" " ind2=" "><subfield code="a">Tr 2</subfield><subfield code="b">M</subfield><subfield code="c">EB 8001</subfield><subfield code="e">ausleihbar/M</subfield></datafield><datafield tag="088" ind1=" " ind2=" "><subfield code="a">Lan 1</subfield><subfield code="b">FRHLD</subfield><subfield code="c">ges 55-861</subfield><subfield code="e">ausleihbar 4 Wo</subfield></datafield><datafield tag="088" ind1=" " ind2=" "><subfield code="a">385</subfield><subfield code="b">30</subfield><subfield code="c">CW.E/w73346</subfield><subfield code="e">Kurzausleihe</subfield></datafield><datafield tag="088" ind1=" " ind2=" "><subfield code="a">61</subfield><subfield code="b">02</subfield><subfield code="c">hisa665.e57</subfield><subfield code="e">Ausleihbar</subfield></datafield><datafield tag="088" ind1=" " ind2=" "><subfield code="a">Kob 7</subfield><subfield code="b">FRHKO</subfield><subfield code="c">94/1013</subfield><subfield code="e">ausleihbar 4 Wo</subfield></datafield><datafield tag="088" ind1=" " ind2=" "><subfield code="a">467</subfield><subfield code="b">H21-4</subfield><subfield code="c">21LTHL4084</subfield><subfield code="e">Semesterapparat</subfield></datafield><datafield tag="088" ind1=" " ind2=" "><subfield code="a">464</subfield><subfield code="b">D01</subfield><subfield code="c">KXKE1106_d</subfield><subfield code="e">Ausleihbestand</subfield></datafield><datafield tag="088" ind1=" " ind2=" "><subfield code="a">466</subfield><subfield code="b">31</subfield><subfield code="c">KXKE1009</subfield><subfield code="e">Normalausleihe</subfield></datafield><datafield tag="088" ind1=" " ind2=" "><subfield code="a">465</subfield><subfield code="b">E11</subfield><subfield code="c">KXKE1114</subfield><subfield code="e">Ausleihbestand</subfield></datafield><datafield tag="088" ind1=" " ind2=" "><subfield code="a">Kn 133</subfield></datafield><datafield tag="655" ind1="e" ind2=" "><subfield code="u">http://digitool.hbz-nrw.de:1801/webclient/DeliveryManager?pid=2576287&amp;custom_att_2=simple_viewer</subfield><subfield code="y">Köln</subfield><subfield code="x">Inhaltsverzeichnis</subfield></datafield></record></metadata></record></ListRecords></OAI-PMH>